@online{mysqlprepstmt,
  author = {Oracle Corporation},
  title = {MySQL Předpřipravené dotazy},
  urldate = {2020-12-11},
  url = {https://dev.mysql.com/doc/refman/8.0/en/sql-prepared-statements.html},
}
@online{sqlinject,
	title        = {SQL Injection},
	organization = {OWASP, Open Web Application Security Project},
	urldate      = {2020-12-11},
	url          = {https://owasp.org/www-community/attacks/SQL_Injection},
	keywords     = {attack},
}
@online{xss,
	title        = {Cross-site scripting},
	organization = {OWASP, Open Web Application Security Project},
	urldate      = {2020-12-11},
	url          = {https://owasp.org/www-community/attacks/xss/},
	keywords     = {attack},
}
@online{csrf,
	title        = {Co je Cross-Site Request Forgery a jak se mu bránit},
	author       = {Jan Pejša},
	urldate      = {2020-12-28},
	url          = {https://www.zdrojak.cz/clanky/co-je-cross-site-request-forgery-a-jak-se-branit/},
	keywords     = {attack},
}
@online{bruteforce,
	title        = {Brute Force Attack: Definition and Examples},
	organization = {Kaspersky},
	urldate      = {2020-12-28},
	url          = {https://www.kaspersky.com/resource-center/definitions/brute-force-attack},
	keywords     = {attack},
}
@online{phishing,
	title        = {Phishing in depth},
	organization = {OWASP, Open Web Application Security Project},
	urldate      = {2020-12-11},
	url          = {https://owasp.org/www-chapter-ghana/assets/slides/OWASP_Presentation_FINAL.pdf},
	author = {ERIC NII SOWAH BADGER},
	keywords     = {phishing, attack},
}
@online{ssh-keys,
	title        = {SSH/OpenSSH/Keys},
	urldate      = {2021-1-27},
	url          = {https://help.ubuntu.com/community/SSH/OpenSSH/Keys},
	author       = {larsnooden},
	keywords     = {ssh, attack},
}
@online{botnet,
	title        = {What is a DDoS Botnet?},
	urldate      = {2021-1-27},
	organization = {Cloudflare, Inc.},
	url          = {https://www.cloudflare.com/learning/ddos/what-is-a-ddos-botnet/},
	keywords     = {botnet, cloudflare, attack},
}
@online{principle-of-least-priviledge,
  	title        = {The Principle of Least Privilege (PoLP)},
	urldate      = {2021-1-27},
	organization = {CyberArk Software Ltd.},
	url          = {https://www.cyberark.com/what-is/least-privilege/},
	keywords     = {PoLP, security},
}
@online{denial-of-service,
  	title        = {What is a Denial-of-Service (DoS) Attack?},
	urldate      = {2021-1-27},
	organization = {Cloudflare, Inc.},
	url          = {https://www.cloudflare.com/learning/ddos/glossary/denial-of-service/},
	keywords     = {denial of service, attack},
}
@online{distributed-denial-of-service,
  	title        = {What is a DDoS Attack?},
	urldate      = {2021-1-27},
	organization = {Cloudflare, Inc.},
	url          = {https://www.cloudflare.com/learning/ddos/what-is-a-ddos-attack/},
	keywords     = {ddos, attack},
}
@online{slowloris,
  	title        = {Slowloris DDoS Attack},
	urldate      = {2021-1-27},
	organization = {Cloudflare, Inc.},
	url          = {https://www.cloudflare.com/learning/ddos/ddos-attack-tools/slowloris/},
	keywords     = {slowloris, ddos, attack},
}
@online{fd,
  	title        = {Tuning NGINX for Performance},
	urldate      = {2021-1-27},
	organization = {F5, Inc.},
	url          = {https://www.nginx.com/blog/tuning-nginx},
	keywords     = {file descriptor, nginx},
}
@online{http-flood,
  	title        = {HTTP Flood Attack},
	urldate      = {2021-1-27},
	organization = {Cloudflare, Inc.},
	url          = {https://www.cloudflare.com/learning/ddos/http-flood-ddos-attack/},
	keywords     = {http, flood, nginx},
}
@online{udp-flood,
  	title        = {UDP Flood Attack},
	urldate      = {2021-1-27},
	organization = {Cloudflare, Inc.},
	url          = {https://www.cloudflare.com/learning/ddos/udp-flood-ddos-attack/},
	keywords     = {udp, flood, nginx},
}
@online{syn-flood,
  	title        = {SYN Flood Attack},
	urldate      = {2021-1-27},
	organization = {Cloudflare, Inc.},
	url          = {https://www.cloudflare.com/learning/ddos/syn-flood-ddos-attack/},
	keywords     = {syn, flood, nginx},
}
@online{ddos-amplify-ratio,
  	title        = {DDoS Attacks},
	urldate      = {2021-1-27},
	organization = {Imperva},
	url          = {https://www.imperva.com/learn/ddos/ddos-attacks/},
	keywords     = {ddos amplification, ddos, nginx},
}
@online{dns-flood,
  	title        = {DNS Flood},
	urldate      = {2021-1-27},
	organization = {Imperva},
	url          = {https://www.imperva.com/learn/ddos/dns-flood/},
	keywords     = {dns amplification, ddos, nginx},
}
@online{load-balancer,
  	title        = {What Is Load Balancing?},
	urldate      = {2021-2-1},
	organization = {F5, Inc.},
	url          = {https://www.nginx.com/resources/glossary/load-balancing/},
	keywords     = {load balancing, web architecture},
}
@online{object-storage,
  	title        = {What is Cloud Object Storage?},
	urldate      = {2021-2-1},
	organization = {Amazon Web Services, Inc.},
	url          = {https://aws.amazon.com/what-is-cloud-object-storage/},
	keywords     = {object storage, web architecture},
}
@online{relational-database,
  	title        = {Co je relační databáze},
	urldate      = {2021-2-2},
	organization = {Oracle Corporation},
	url          = {https://www.oracle.com/cz/database/what-is-a-relational-database/},
	keywords     = {databáze, relační databáze},
}
@online{sql,
  	title        = {What is SQL? The lingua franca of data analysis},
	urldate      = {2021-2-2},
	author       = {Martin Heller},
	organization = {InfoWorld},
	url          = {https://www.infoworld.com/article/3219795/what-is-sql-the-lingua-franca-of-data-analysis.html},
	keywords     = {sql, relační databáze},
}
@online{managed-databases,
  	title        = {What is SQL? The lingua franca of data analysis},
	urldate      = {2021-2-3},
	author       = {Mark Drake},
	organization = {DigitalOcean, LLC},
	url          = {https://www.digitalocean.com/community/tutorials/understanding-managed-databases},
	keywords     = {sql, relační databáze},
}
@techreport{sql92,
  title = {Database Language SQL},
  type = {ISO},
  number = {ISO/IEC 9075:1992},
  year = {1992},
}
@online{webserver,
  	title        = {What is a web server?},
	urldate      = {2021-2-4},
	organization = {Mozilla Corporation},
	url          = {https://developer.mozilla.org/en-US/docs/Learn/Common_questions/What_is_a_web_server},
	keywords     = {web, webserver},
}
@online{http,
  	title        = {HTTP},
	urldate      = {2021-2-4},
	organization = {Mozilla Corporation},
	url          = {https://developer.mozilla.org/en-US/docs/Web/HTTP},
	keywords     = {web, http},
}
@software{php,
  	title        = {PHP},
	urldate      = {2021-2-4},
	organization = {The PHP Group},
	url          = {https://www.php.net/},
	keywords     = {web, http, php},
}
@software{composer,
  author = {Nils Adermann, Jordi Boggiano and community contributors},
  title = {Composer},
  url = {https://getcomposer.org/},
  version = {2.0.9},
  urldate      = {2021-2-4},
}
@online{orm,
  	title        = {What is an ORM and Why You Should Use it},
	urldate      = {2021-2-4},
	author       = {Mario Hoyos},
	url          = {https://blog.bitsrc.io/what-is-an-orm-and-why-you-should-use-it-b2b6f75f5e2a},
	keywords     = {web, orm, php},
}
@online{php-router,
  	title        = {How to build a basic server side routing system in PHP.},
	urldate      = {2021-2-4},
	author       = {John O. Paul},
	url          = {https://medium.com/the-andela-way/how-to-build-a-basic-server-side-routing-system-in-php-e52e613cf241},
	keywords     = {web, http router, php},
}
@online{php-templater,
  	title        = {The Ups and Downs of PHP Template Engines},
	urldate      = {2021-2-4},
	author       = {Paul Underwood},
	url          = {https://dzone.com/articles/ups-and-downs-php-template},
	keywords     = {web, html templater, php},
}
@software{create-react-app,
  author = {Ean Platter, Jonny Buchanan, Max Stoiber},
  title = {Create React App},
  url = {https://github.com/facebook/create-react-app},
  urldate      = {2021-2-6},
}
@software{laravel-artisan,
  title = {Artisan Console},
  url = {https://laravel.com/docs/8.x/artisan},
  urldate      = {2021-2-6},
}
@online{ide,
  	title        = {Programming software and the IDE},
	urldate      = {2021-2-6},
	organization = {BBC},
	url          = {https://www.bbc.co.uk/bitesize/guides/zgmpr82/revision/1},
	keywords     = {ide, software development, programming},
}
@online{interpreter-vs-compiler,
  	title        = {Compiler vs Interpreter},
	urldate      = {2021-2-6},
	organization = {GeeksForGeeks},
	url          = {https://www.geeksforgeeks.org/compiler-vs-interpreter-2/},
	keywords     = {compiler, interpreter},
}
@online{linter,
  	title        = {What is a linter and why your team should use it?},
	urldate      = {2021-2-6},
	organization = {Caliper Metrics, Inc.},
	url          = {https://sourcelevel.io/blog/what-is-a-linter-and-why-your-team-should-use-it},
	keywords     = {programming, linter},
}
@online{language-server,
  	title        = {Language Server Protocol},
	urldate      = {2021-2-6},
	organization = {Microsoft Corporation},
	url          = {https://microsoft.github.io/language-server-protocol/},
	keywords     = {programming, language server},
}
@software{pusher,
  	title        = {Pusher},
	urldate      = {2021-2-8},
	organization = {Pusher Ltd.},
	url          = {https://pusher.com/},
	keywords     = {web, realtime, pusher},
}
@online{http-polling,
  	title        = {What is HTTP Long Polling?},
	urldate      = {2021-2-8},
	author       = {Joe Hanson},
	organization = {PubNub Inc.},
	url          = {https://www.pubnub.com/blog/http-long-polling/},
	keywords     = {programming, http, http-polling},
}
@online{http-sse,
  	title        = {Using server-sent events},
	urldate      = {2021-2-8},
	organization = {Mozzila Corporation},
	url          = {https://developer.mozilla.org/en-US/docs/Web/API/Server-sent_events/Using_server-sent_events},
	keywords     = {programming, http, server-sent events},
}
@online{ws,
  	title        = {The WebSocket API (WebSockets)},
	urldate      = {2021-2-8},
	organization = {Mozzila Corporation},
	url          = {https://developer.mozilla.org/en-US/docs/Web/API/WebSockets_API},
	keywords     = {programming, web, websockets},
}
@software{laravel,
  	title        = {Laravel},
	urldate      = {2021-2-8},
	organization = {Laravel LLC.},
	url          = {https://laravel.com/},
	keywords     = {web, php, laravel},
}
@software{laravel-vapor,
  	title        = {Laravel Vapor},
	urldate      = {2021-2-8},
	organization = {Laravel LLC.},
	url          = {https://vapor.laravel.com/},
	keywords     = {web, php, laravel, laravel vapor},
}
@software{laravel-nova,
  	title        = {Laravel Nova},
	urldate      = {2021-2-8},
	organization = {Laravel LLC.},
	url          = {https://nova.laravel.com/},
	keywords     = {web, php, laravel, laravel nova},
}
@online{data-model,
  	title        = {DBMS - Data Models},
	urldate      = {2021-2-9},
	url          = {https://www.tutorialspoint.com/dbms/dbms_data_models.htm},
	keywords     = {data, data modeling},
}
@online{null,
  	title        = {What is a Database NULL Value?},
	urldate      = {2021-2-9},
	url          = {https://www.essentialsql.com/get-ready-to-learn-sql-server-what-is-a-null-value},
	keywords     = {data, data modeling, null},
}
@online{intermediate-table,
  	title        = {KB5772: What is an "intermediate table"?},
	urldate      = {2021-2-9},
	author       = {Paul Bradley},
	ogranization = {Microstrategy Incorporated},
	url          = {https://community.microstrategy.com/s/article/KB5772-What-is-an-quot-intermediate-table-quot},
	keywords     = {data, data modeling, intermediate table},
}
@online{index,
  	title        = {Database Indexes Explained},
	urldate      = {2021-2-9},
	url          = {https://www.essentialsql.com/what-is-a-database-index/},
	keywords     = {data, data modeling, db indexing},
}
@online{bad-indexing,
  	title        = {Index Tuning Week: How Many Indexes Are Too Many?},
	urldate      = {2021-2-9},
	author       = {Brent Ozar},
	organization = {Brent Ozar Unlimited},
	url          = {https://www.brentozar.com/archive/2018/10/index-tuning-week-how-many-indexes-are-too-many},
	keywords     = {data, data modeling, bad db indexing},
}
@software{laravel-websockets,
  	title        = {Laravel Websockets},
	urldate      = {2021-2-11},
	author       = {Marcel Pociot, Freek Van der Herten, Community Contributors},
	url          = {https://github.com/beyondcode/laravel-websockets},
	keywords     = {web, php, laravel, pusher, laravel websockets},
}
@software{mysql,
  	title        = {MySQL},
	urldate      = {2021-2-11},
	organization = {Oracle Corporation},
	url          = {https://www.mysql.com/},
	keywords     = {db, sql, mysql},
}
@software{laravel-idea,
  	title        = {Laravel Idea},
	urldate      = {2021-2-11},
	organization = {Laravel Idea},
	author       = {Adel Faizrakhmanov},
	url          = {https://plugins.jetbrains.com/plugin/13441-laravel-idea},
	keywords     = {ide, plugin, laravel idea},
}
@software{phpstorm,
  	title        = {PhpStorm},
	urldate      = {2021-2-11},
	organization = {JetBrains s.r.o.},
	url          = {https://www.jetbrains.com/phpstorm/},
	keywords     = {jetbrain, ide, phpstorm},
}
@software{laravel-jetstream,
  	title        = {Laravel Jetstream},
	urldate      = {2021-2-11},
	organization = {Laravel LLC.},
	url          = {https://github.com/laravel/jetstream},
	keywords     = {web, php, laravel, laravel jetstream},
}
@software{tailwind-css,
  	title        = {Tailwind CSS},
	urldate      = {2021-2-11},
	organization = {Tailwind Labs},
	url          = {https://tailwindcss.com/},
	keywords     = {web, css, tailwind css},
}
@software{inertia-js,
  	title        = {Inertia.js},
	urldate      = {2021-2-11},
	url          = {https://github.com/inertiajs/inertia},
	keywords     = {web, js, inertia.js},
}
@software{laravel-livewire,
  	title        = {Laravel Livewire},
	urldate      = {2021-2-11},
	organization = {Laravel LLC.},
	url          = {https://laravel-livewire.com/},
	keywords     = {web, laravel, livewire},
}
@software{amazon-ses,
  	title        = {Amazon Simple Email Service (SES)},
	urldate      = {2021-2-12},
	organization = {Amazon Web Services, Inc.},
	url          = {https://aws.amazon.com/ses/},
	keywords     = {amazon, email, amazon ses},
}
@online{mysql-vs-others,
  	title        = {Velké srovnání MySQL (MariaDB) a PostgreSQL},
	urldate      = {2021-2-12},
	author       = {David Janík},
	organization = {Váš Hosting s.r.o.},
	url          = {https://www.vas-hosting.cz/blog-velke-srovnani-mysql-mariadb-a-postgresql},
	keywords     = {db, rdbms, mysql},
}
@software{mysqldump,
  	title        = {mysqldump},
	urldate      = {2021-2-12},
	organization = {Oracle Corporation},
	url          = {https://dev.mysql.com/doc/refman/8.0/en/mysqldump.html},
	keywords     = {db, mysql, mysqldump},
}
@software{phpmyadmin,
  	title        = {phpMyAdmin},
	urldate      = {2021-2-12},
	organization = {phpMyAdmin contributors},
	url          = {https://www.phpmyadmin.net/},
	keywords     = {db, mysql, phpmyadmin},
}
@online{email-bounce,
  	title        = {Soft vs. Hard Bounces},
	urldate      = {2021-2-12},
	organization = {Mailchimp},
	url          = {https://mailchimp.com/help/soft-vs-hard-bounces/},
	keywords     = {email, email delivery, email bounce},
}
@software{git,
  	title        = {Git},
	urldate      = {2021-2-13},
	author       = {Linus Torvalds, Junio C Hamano},
	url          = {https://git-scm.com/},
	keywords     = {db, mysql, phpmyadmin},
}
@online{laravel-models,
  	title        = {Eloquent: Getting Started},
	urldate      = {2021-2-14},
	organization = {Laravel LLC.},
	url          = {https://laravel.com/docs/8.x/eloquent},
	keywords     = {laravel, eloquent, orm model},
}
@online{laravel-migrations,
  	title        = {Database: Migrations},
	urldate      = {2021-2-14},
	organization = {Laravel LLC.},
	url          = {https://laravel.com/docs/8.x/migrations},
	keywords     = {laravel, database, migrations},
}
@online{laravel-controller,
  	title        = {Controllers},
	urldate      = {2021-2-14},
	organization = {Laravel LLC.},
	url          = {https://laravel.com/docs/8.x/migrations},
	keywords     = {laravel, http, controllers},
}
@online{laravel-blade-component,
  	title        = {Blade Templates},
	urldate      = {2021-2-14},
	organization = {Laravel LLC.},
	url          = {https://laravel.com/docs/8.x/blade#components},
	keywords     = {laravel, blade, blade components},
}
@online{laravel-routes,
  	title        = {Routing},
	urldate      = {2021-2-14},
	organization = {Laravel LLC.},
	url          = {https://laravel.com/docs/8.x/routing},
	keywords     = {laravel, http, routing},
}
@online{laravel-controller-single-action,
  	title        = {Single Action Controllers},
	urldate      = {2021-2-15},
	organization = {Laravel LLC.},
	url          = {https://laravel.com/docs/8.x/controllers#single-action-controller},
	keywords     = {laravel, http, controllers, single action},
}
@online{laravel-controller-resource,
  	title        = {Resource Controllers},
	urldate      = {2021-2-15},
	organization = {Laravel LLC.},
	url          = {https://laravel.com/docs/8.x/controllers#resource-controllers},
	keywords     = {laravel, http, controllers, resource},
}
@software{twig,
  	title        = {Twig},
	urldate      = {2021-2-16},
	organization = {SensioLabs SAS},
	url          = {https://twig.symfony.com/},
	keywords     = {web, php, twig},
}
@online{laravel-blade,
  	title        = {Blade Templates},
	urldate      = {2021-2-16},
	organization = {Laravel LLC.},
	url          = {https://laravel.com/docs/8.x/blade},
	keywords     = {laravel, html, view, blade},
}
@online{amazon-aws,
  	title        = {Amazon Web Services},
	urldate      = {2021-2-17},
	organization = {Amazon Web Services, Inc.},
	url          = {https://aws.amazon.com/},
	keywords     = {amazon, aws, amazon aws},
}
@online{amazon-s3,
  	title        = {Simple Storage Service (Amazon S3) - Amazon AWS},
	urldate      = {2021-2-17},
	organization = {Amazon Web Services, Inc.},
	url          = {https://aws.amazon.com/s3/},
	keywords     = {amazon, aws, amazon aws, s3},
}
@online{ms-azure,
  	title        = {Microsoft Azure: Cloud Computing Services},
	urldate      = {2021-2-17},
	organization = {Microsoft Corporation},
	url          = {https://azure.microsoft.com/en-us/},
	keywords     = {microsoft, azure, microsoft azure},
}
@online{digitalocean,
  	title        = {DigitalOcean – The developer cloud},
	urldate      = {2021-2-17},
	organization = {DigitalOcean, LLC.},
	url          = {https://www.digitalocean.com/},
	keywords     = {cloud, digitalocean, developer cloud},
}
@online{digitalocean-advantages,
  	title        = {DigitalOcean vs AWS: Which Cloud Server is Better?},
	urldate      = {2021-2-17},
	author       = {Greg Polock},
	organization = {UpGuard, Inc.},
	url          = {https://www.upguard.com/blog/digitalocean-vs-aws},
	keywords     = {digitalocean, aws, digitalocean vs aws},
}
@online{internet-is-dangerous-place,
  	title        = {The dangers of public IPs},
	urldate      = {2021-2-18},
	author       = {Ilja Shatilin},
	organization = {AO Kaspersky Lab.},
	url          = {https://www.kaspersky.com/blog/public-ip-dangers/24745/},
	keywords     = {internet, internet dangers},
}
@online{failure-is-rule-not-exception,
  	title        = {How Netflix Adopted the New Mindset of Software Failure as the Rule—Not the Exception—and Survived the Great 2015 Amazon Web Services Outage},
	urldate      = {2021-2-18},
	author       = {Lori Cameron},
	organization = {Institute of Electrical and Electronics Engineers (IEEE)},
	url          = {https://www.computer.org/publications/tech-news/research/realizing-software-reliability-in-the-face-of-infrastructure-instability},
	keywords     = {software failure, hw failure},
}
@online{http-faster-https,
  	title        = {HTTP Vs HTTPS: An In-Depth Comparison Of Features And Performance},
	urldate      = {2021-2-18},
	organization = {Software Testing Help (STH) blog},
	url          = {https://www.softwaretestinghelp.com/http-vs-https/},
	keywords     = {http vs https},
}
@software{github-actions,
  	title        = {GitHub Actions},
	urldate      = {2021-2-20},
	organization = {GitHub, Inc.},
	url          = {https://github.com/features/actions},
	keywords     = {github, git, ci/cd},
}
@software{ssh-for-github-actions,
  	title        = {SSH for GitHub Actions},
	urldate      = {2021-2-20},
	author       = {Bo-Yi Wu},
	url          = {https://github.com/appleboy/ssh-action},
	keywords     = {ssh for github actions},
}
@software{laravel-envoy,
  	title        = {Laravel Envoy},
	urldate      = {2021-2-20},
	organization = {Laravel LLC.},
	url          = {https://laravel.com/docs/8.x/envoy},
	keywords     = {ssh, laravel, deployment},
}
@software{ms-teams,
  	title        = {Microsoft Teams},
	urldate      = {2021-2-21},
	organization = {Microsoft Corporation},
	url          = {https://www.microsoft.com/en/microsoft-teams/group-chat-software},
	keywords     = {online conference, ms teams},
}
@software{google-meet,
  	title        = {Google Meet},
	urldate      = {2021-2-21},
	organization = {Google LLC.},
	url          = {https://meet.google.com/},
	keywords     = {online conference, google meet},
}
@software{zoom,
  	title        = {Zoom},
	urldate      = {2021-2-21},
	organization = {Zoom Video Communications, Inc.},
	url          = {https://zoom.us/},
	keywords     = {online conference, zoom},
}
@online{browser-timeout,
  title        = {Chrome, standard timeout?},
	urldate      = {2021-3-3},
	url          = {https://superuser.com/questions/1012176/chrome-standard-timeout},
}
